<record><leader>00000cas a22000007a 4500</leader><controlfield tag="001">13233204</controlfield><controlfield tag="008">860304d19241942njuwr ne      0    0eng d</controlfield><datafield ind1=" " ind2=" " tag="010"><subfield code="a">sn 85035807 </subfield></datafield><datafield ind1=" " ind2=" " tag="040"><subfield code="a">NPA</subfield><subfield code="b">eng</subfield><subfield code="c">NPA</subfield><subfield code="d">NJW</subfield><subfield code="d">OCLCQ</subfield></datafield><datafield ind1=" " ind2=" " tag="042"><subfield code="a">msc</subfield></datafield><datafield ind1="0" ind2="4" tag="245"><subfield code="a">The Midland Park post.</subfield></datafield><datafield ind1=" " ind2=" " tag="260"><subfield code="a">Midland Park, N.J. :</subfield><subfield code="b">Cornelius Yonkers</subfield></datafield><datafield ind1=" " ind2=" " tag="300"><subfield code="a">v. :</subfield><subfield code="b">ill. ;</subfield><subfield code="c">57 cm.</subfield></datafield><datafield ind1=" " ind2=" " tag="310"><subfield code="a">Weekly</subfield></datafield><datafield ind1="1" ind2=" " tag="362"><subfield code="a">Began in 1924; ceased in 1942?</subfield><subfield code="z">Cf. Wright, W.C. and Stellhorn, P.A. Direct. of N.J. newspapers.</subfield></datafield><datafield ind1=" " ind2=" " tag="580"><subfield code="a">The edition of: Ridgewood news, and later: Ridgewood herald-news, published for circulation in Midland Park, N.J. Cf. Wright, W.C. and Stellhorn, P.A. Direct. of N.J. newspapers.</subfield></datafield><datafield ind1=" " ind2=" " tag="588"><subfield code="a">Description based on: Vol. 6, no. 24 (Sept. 20, 1929).</subfield></datafield><datafield ind1=" " ind2=" " tag="752"><subfield code="a">United States</subfield><subfield code="b">New Jersey</subfield><subfield code="c">Bergen</subfield><subfield code="d">Midland Park.</subfield></datafield><datafield ind1="1" ind2=" " tag="775"><subfield code="t">Ridgewood news</subfield><subfield code="w">(DLC)sn 90063087</subfield></datafield><datafield ind1="1" ind2=" " tag="775"><subfield code="t">Ridgewood herald-news</subfield><subfield code="w">(DLC)sn 84026613</subfield></datafield><datafield ind1="1" ind2=" " tag="029"><subfield code="a">AU@</subfield><subfield code="b">000025786091</subfield></datafield></record>